@article{10.1093/comjnl/6.3.232,
    author = {Michie, Donald},
    title = "{Experiments on the Mechanization of Game-Learning Part I. Characterization of the Model and its parameters}",
    journal = {The Computer Journal},
    volume = {6},
    number = {3},
    pages = {232-236},
    year = {1963},
    month = {11},
    abstract = "{This paper describes a trial-and-error device which learns to play the game of Noughts and Crosses. It was initially constructed from matchboxes and coloured beads and subsequently simulated in essentials by a program for a Pegasus 2 computer. The parameters governing the adaptive behaviour of this automaton are described and preliminary observations on its performance are briefly reported.}",
    issn = {0010-4620},
    doi = {10.1093/comjnl/6.3.232},
    url = {https://doi.org/10.1093/comjnl/6.3.232},
    eprint = {https://academic.oup.com/comjnl/article-pdf/6/3/232/1030939/6-3-232.pdf}
}

@article{tesauro_sejnowski_1989, title={A parallel network that learns to play backgammon}, volume={39}, DOI={10.1016/0004-3702(89)90017-9}, number={3}, journal={Artificial Intelligence}, author={Tesauro, G. and Sejnowski, T.j.}, year={1989}, pages={357–390}
}

@article{dahl_yu_deng_acero_2012, title={Context-Dependent Pre-Trained Deep Neural Networks for Large-Vocabulary Speech Recognition}, volume={20}, DOI={10.1109/tasl.2011.2134090}, number={1}, journal={IEEE Transactions on Audio, Speech, and Language Processing}, author={Dahl, G. E. and Yu, Dong and Deng, Li and Acero, A.}, year={2012}, pages={30–42}
}

@article{krizhevsky_sutskever_hinton_2017, title={ImageNet classification with deep convolutional neural networks}, volume={60}, DOI={10.1145/3065386}, number={6}, journal={Communications of the ACM}, author={Krizhevsky, Alex and Sutskever, Ilya and Hinton, Geoffrey E.}, year={2017}, pages={84–90}
}

@article{DBLP:journals/corr/WuSCLNMKCGMKSJL16,
  author    = {Yonghui Wu and
               Mike Schuster and
               Zhifeng Chen and
               Quoc V. Le and
               Mohammad Norouzi and
               Wolfgang Macherey and
               Maxim Krikun and
               Yuan Cao and
               Qin Gao and
               Klaus Macherey and
               Jeff Klingner and
               Apurva Shah and
               Melvin Johnson and
               Xiaobing Liu and
               Lukasz Kaiser and
               Stephan Gouws and
               Yoshikiyo Kato and
               Taku Kudo and
               Hideto Kazawa and
               Keith Stevens and
               George Kurian and
               Nishant Patil and
               Wei Wang and
               Cliff Young and
               Jason Smith and
               Jason Riesa and
               Alex Rudnick and
               Oriol Vinyals and
               Greg Corrado and
               Macduff Hughes and
               Jeffrey Dean},
  title     = {Google's Neural Machine Translation System: Bridging the Gap between
               Human and Machine Translation},
  journal   = {CoRR},
  volume    = {abs/1609.08144},
  year      = {2016},
  url       = {http://arxiv.org/abs/1609.08144},
  archivePrefix = {arXiv},
  eprint    = {1609.08144},
  timestamp = {Thu, 14 Mar 2019 09:34:18 +0100},
  biburl    = {https://dblp.org/rec/journals/corr/WuSCLNMKCGMKSJL16.bib},
  bibsource = {dblp computer science bibliography, https://dblp.org}
}

@article{DBLP:journals/corr/abs-1708-04782,
  author    = {Oriol Vinyals and
               Timo Ewalds and
               Sergey Bartunov and
               Petko Georgiev and
               Alexander Sasha Vezhnevets and
               Michelle Yeo and
               Alireza Makhzani and
               Heinrich K{\"{u}}ttler and
               John Agapiou and
               Julian Schrittwieser and
               John Quan and
               Stephen Gaffney and
               Stig Petersen and
               Karen Simonyan and
               Tom Schaul and
               Hado van Hasselt and
               David Silver and
               Timothy P. Lillicrap and
               Kevin Calderone and
               Paul Keet and
               Anthony Brunasso and
               David Lawrence and
               Anders Ekermo and
               Jacob Repp and
               Rodney Tsing},
  title     = {StarCraft {II:} {A} New Challenge for Reinforcement Learning},
  journal   = {CoRR},
  volume    = {abs/1708.04782},
  year      = {2017},
  url       = {http://arxiv.org/abs/1708.04782},
  archivePrefix = {arXiv},
  eprint    = {1708.04782},
  timestamp = {Mon, 13 Aug 2018 16:47:24 +0200},
  biburl    = {https://dblp.org/rec/journals/corr/abs-1708-04782.bib},
  bibsource = {dblp computer science bibliography, https://dblp.org}
}

@article{DBLP:journals/corr/MnihKSGAWR13,
  author    = {Volodymyr Mnih and
               Koray Kavukcuoglu and
               David Silver and
               Alex Graves and
               Ioannis Antonoglou and
               Daan Wierstra and
               Martin A. Riedmiller},
  title     = {Playing Atari with Deep Reinforcement Learning},
  journal   = {CoRR},
  volume    = {abs/1312.5602},
  year      = {2013},
  url       = {http://arxiv.org/abs/1312.5602},
  archivePrefix = {arXiv},
  eprint    = {1312.5602},
  timestamp = {Mon, 13 Aug 2018 16:47:42 +0200},
  biburl    = {https://dblp.org/rec/journals/corr/MnihKSGAWR13.bib},
  bibsource = {dblp computer science bibliography, https://dblp.org}
}

@article{article,
author = {Watkins, Christopher},
year = {1989},
month = {01},
pages = {},
title = {Learning From Delayed Rewards}
}

@misc{comi_2020, title={How to teach an AI to play Games: Deep Reinforcement Learning}, url={https://towardsdatascience.com/how-to-teach-an-ai-to-play-games-deep-reinforcement-learning-28f9b920440a}, journal={Medium}, publisher={Towards Data Science}, author={Comi, Mauro}, year={2020}, month={Mar}
} 
